@Manual{Rpack:bibtex,
    title = {bibtex: bibtex parser},
    author = {Romain Francois},
    year = {2011},
    note = {R package version 0.3-0},
    url = {http://CRAN.R-project.org/package=bibtex},
}

@misc{parseRd,
    title = {Parsing Rd files},
    author = {Duncan Murdoch},
    year = {2010},
    url = {http://developer.r-project.org/parseRd.pdf},
}
